<?xml version="1.0" encoding="UTF-8"?><collection xmlns="http://www.loc.gov/MARC21/slim"><record><leader>00423nam--2200133-i-4500</leader><controlfield tag="001">000031625</controlfield><controlfield tag="002">20161230</controlfield><controlfield tag="005">20161230201038</controlfield><controlfield tag="008">060222s1000------------r-----000-0-eng-d</controlfield><datafield ind1=" " ind2=" " tag="100"><subfield code="a">Mac Neal Richard H</subfield></datafield><datafield ind1=" " ind2=" " tag="245"><subfield code="a">Electric circuit anallgies for elastic structures</subfield></datafield><datafield ind1=" " ind2=" " tag="260"><subfield code="a">New York, John Wiley &amp; Sons, Inc., 1962. Xv + 262p</subfield></datafield><datafield ind1=" " ind2=" " tag="490"><subfield code="a">Airplane Missile And Spacecraft Structures.Edited By Nicolas J.Hoff</subfield></datafield><datafield ind1=" " ind2=" " tag="852"><subfield code="a">18147</subfield></datafield></record></collection>